
   <record>
      <leader>00000nz  a2200000nc 4500</leader>
      <controlfield tag="001">institutions/51008927</controlfield>
      <controlfield tag="003">DE-633</controlfield>
      <controlfield tag="005">20250910063950.0</controlfield>
      <controlfield tag="008">250723||||z|||a|||||||||||||||||n||||||d</controlfield>
      <datafield tag="024" ind1="7" ind2=" ">
         <subfield code="a">P-ANac</subfield>
         <subfield code="q">siglum</subfield>
         <subfield code="2">rism</subfield>
      </datafield>
      <datafield tag="034" ind1="1" ind2=" ">
         <subfield code="d">-27.22094724259727</subfield>
         <subfield code="f">38.65552544508301</subfield>
      </datafield>
      <datafield tag="040" ind1=" " ind2=" ">
         <subfield code="a">DE-633</subfield>
         <subfield code="c">DE-633</subfield>
         <subfield code="e">rismg</subfield>
      </datafield>
      <datafield tag="043" ind1=" " ind2=" ">
         <subfield code="c">XA-PT</subfield>
      </datafield>
      <datafield tag="110" ind1="1" ind2=" ">
         <subfield code="a">Arquivo Capitular da Sé Catedral</subfield>
         <subfield code="c">Angra do Heroísmo</subfield>
         <subfield code="g">P-ANac</subfield>
      </datafield>
      <datafield tag="368" ind1=" " ind2=" ">
         <subfield code="a">Institution</subfield>
         <subfield code="a">Archive</subfield>
         <subfield code="a">Library</subfield>
      </datafield>
      <datafield tag="371" ind1=" " ind2=" ">
         <subfield code="a">R. da Sé</subfield>
         <subfield code="b">Angra do Heroísmo</subfield>
         <subfield code="c">Açores</subfield>
         <subfield code="d">Portugal</subfield>
         <subfield code="e">9700-191</subfield>
         <subfield code="m">sedeangra@gmail.com</subfield>
         <subfield code="u">https://sedeangra.pt/</subfield>
         <subfield code="z">tel: +351 / 295 217 850</subfield>
      </datafield>
      <datafield tag="551" ind1="1" ind2=" ">
         <subfield code="a">Angra do Heroísmo</subfield>
         <subfield code="0">places/3903838</subfield>
      </datafield>
   </record>