
   <record>
      <leader>00000nz  a2200000nc 4500</leader>
      <controlfield tag="001">institutions/51008928</controlfield>
      <controlfield tag="003">DE-633</controlfield>
      <controlfield tag="005">20250723133838.0</controlfield>
      <controlfield tag="008">250723||||z|||a|||||||||||||||||n||||||d</controlfield>
      <datafield tag="024" ind1="7" ind2=" ">
         <subfield code="a">158839314</subfield>
         <subfield code="2">VIAF</subfield>
      </datafield>
      <datafield tag="024" ind1="7" ind2=" ">
         <subfield code="a">Q10369926</subfield>
         <subfield code="2">WKP</subfield>
      </datafield>
      <datafield tag="024" ind1="7" ind2=" ">
         <subfield code="a">P-ANse</subfield>
         <subfield code="q">siglum</subfield>
         <subfield code="2">rism</subfield>
      </datafield>
      <datafield tag="034" ind1="1" ind2=" ">
         <subfield code="d">-27.221073231968678</subfield>
         <subfield code="f">38.65692377178142</subfield>
      </datafield>
      <datafield tag="040" ind1=" " ind2=" ">
         <subfield code="a">DE-633</subfield>
         <subfield code="c">DE-633</subfield>
         <subfield code="e">rismg</subfield>
      </datafield>
      <datafield tag="043" ind1=" " ind2=" ">
         <subfield code="c">XA-PT</subfield>
      </datafield>
      <datafield tag="110" ind1="1" ind2=" ">
         <subfield code="a">Seminário Episcopal</subfield>
         <subfield code="c">Angra do Heroísmo</subfield>
         <subfield code="g">P-ANse</subfield>
      </datafield>
      <datafield tag="368" ind1=" " ind2=" ">
         <subfield code="a">Institution</subfield>
         <subfield code="a">Library</subfield>
      </datafield>
      <datafield tag="371" ind1=" " ind2=" ">
         <subfield code="a">Rua do Palácio 33</subfield>
         <subfield code="b">Angra do Heroísmo</subfield>
         <subfield code="c">Açores</subfield>
         <subfield code="d">Portugal</subfield>
         <subfield code="e">9700-143</subfield>
         <subfield code="u">https://seminariodeangra.pt/</subfield>
         <subfield code="z">tel: +351 / 295216123</subfield>
      </datafield>
      <datafield tag="551" ind1="1" ind2=" ">
         <subfield code="a">Angra do Heroísmo</subfield>
         <subfield code="0">places/3903838</subfield>
      </datafield>
   </record>