
   <record>
      <leader>00000nz  a2200000nc 4500</leader>
      <controlfield tag="001">institutions/51005371</controlfield>
      <controlfield tag="003">DE-633</controlfield>
      <controlfield tag="005">20250620052301.0</controlfield>
      <controlfield tag="008">210712||||z|||a|||||||||||||||||n||||||d</controlfield>
      <datafield tag="024" ind1="7" ind2=" ">
         <subfield code="a">P-BRac</subfield>
         <subfield code="q">siglum</subfield>
         <subfield code="2">rism</subfield>
      </datafield>
      <datafield tag="034" ind1="1" ind2=" ">
         <subfield code="d">-8.421003066691366</subfield>
         <subfield code="f">41.551133464711995</subfield>
      </datafield>
      <datafield tag="040" ind1=" " ind2=" ">
         <subfield code="a">DE-633</subfield>
         <subfield code="c">DE-633</subfield>
         <subfield code="e">rismg</subfield>
      </datafield>
      <datafield tag="043" ind1=" " ind2=" ">
         <subfield code="c">XA-PT</subfield>
      </datafield>
      <datafield tag="110" ind1="1" ind2=" ">
         <subfield code="a">Arquivo da Irmandade de Nossa Senhora das Dores e Santa Ana dos Congregados</subfield>
         <subfield code="c">Braga</subfield>
         <subfield code="g">P-BRac</subfield>
      </datafield>
      <datafield tag="368" ind1=" " ind2=" ">
         <subfield code="a">Institution</subfield>
         <subfield code="a">Library</subfield>
         <subfield code="a">Archive</subfield>
      </datafield>
      <datafield tag="371" ind1=" " ind2=" ">
         <subfield code="a">Avenida Central, 98</subfield>
         <subfield code="b">Braga</subfield>
         <subfield code="d">Portugal</subfield>
         <subfield code="e">4710-229</subfield>
         <subfield code="m">congregados@arquidiocese-braga.pt</subfield>
         <subfield code="u">https://www.diocese-braga.pt/congregados/</subfield>
         <subfield code="z">tel: +351 / 253 262 482</subfield>
      </datafield>
      <datafield tag="551" ind1="1" ind2=" ">
         <subfield code="a">Braga</subfield>
         <subfield code="0">places/3903733</subfield>
      </datafield>
   </record>