
   <record>
      <leader>00000nz  a2200000nc 4500</leader>
      <controlfield tag="001">institutions/30077369</controlfield>
      <controlfield tag="003">DE-633</controlfield>
      <controlfield tag="005">20250620052115.0</controlfield>
      <controlfield tag="008">161109||||z|||a|||||||||||||||||n||||||d</controlfield>
      <datafield tag="024" ind1="7" ind2=" ">
         <subfield code="a">P-BRam</subfield>
         <subfield code="q">siglum</subfield>
         <subfield code="2">rism</subfield>
      </datafield>
      <datafield tag="040" ind1=" " ind2=" ">
         <subfield code="a">DE-633</subfield>
         <subfield code="c">DE-633</subfield>
         <subfield code="e">rismg</subfield>
      </datafield>
      <datafield tag="043" ind1=" " ind2=" ">
         <subfield code="c">XA-PT</subfield>
      </datafield>
      <datafield tag="110" ind1="2" ind2=" ">
         <subfield code="a">Arquivo Municipal</subfield>
         <subfield code="c">Braga</subfield>
         <subfield code="g">P-BRam</subfield>
      </datafield>
      <datafield tag="368" ind1=" " ind2=" ">
         <subfield code="a">Institution</subfield>
      </datafield>
      <datafield tag="368" ind1=" " ind2=" ">
         <subfield code="a">Library</subfield>
      </datafield>
      <datafield tag="371" ind1=" " ind2=" ">
         <subfield code="a">Arquivo Municipal, Praça do Município, 4700-435  Braga, Portugal</subfield>
         <subfield code="u">http://www.cm-braga.pt/wps/portal/publico/!ut/p/c5/04_SB8K8xLLM9MSSzPy8xBz9CP0os_gAN0evQE8zH09TEzPnMBMTH18DKADKR2LKB3vC5fHr9vPIz03VL8iNKAcABsS5xA!!/dl3/d3/L3dDb0EvUU5RTGtBISEvWUZSdndBISEvNl9QRkFKUUk2TEk1NDZDVjQ0M1MxMDAwMDAwMA!!/</subfield>
      </datafield>
      <datafield tag="551" ind1=" " ind2=" ">
         <subfield code="a">Braga</subfield>
         <subfield code="0">places/3903733</subfield>
      </datafield>
   </record>