
   <record>
      <leader>00000nz  a2200000nc 4500</leader>
      <controlfield tag="001">institutions/51008393</controlfield>
      <controlfield tag="003">DE-633</controlfield>
      <controlfield tag="005">20250620052322.0</controlfield>
      <controlfield tag="008">241127||||z|||a|||||||||||||||||n||||||d</controlfield>
      <datafield tag="024" ind1="7" ind2=" ">
         <subfield code="a">P-BRbmvm</subfield>
         <subfield code="q">siglum</subfield>
         <subfield code="2">rism</subfield>
      </datafield>
      <datafield tag="034" ind1="1" ind2=" ">
         <subfield code="d">-8.416754736778369</subfield>
         <subfield code="f">41.553973243784725</subfield>
      </datafield>
      <datafield tag="040" ind1=" " ind2=" ">
         <subfield code="a">DE-633</subfield>
         <subfield code="b">ger</subfield>
         <subfield code="c">DE-633</subfield>
         <subfield code="e">rismg</subfield>
      </datafield>
      <datafield tag="043" ind1=" " ind2=" ">
         <subfield code="c">XA-PT</subfield>
      </datafield>
      <datafield tag="110" ind1="1" ind2=" ">
         <subfield code="a">Biblioteca D. Manuel Vieira de Matos</subfield>
         <subfield code="c">Braga</subfield>
         <subfield code="g">P-BRbmvm</subfield>
      </datafield>
      <datafield tag="368" ind1=" " ind2=" ">
         <subfield code="a">Institution</subfield>
         <subfield code="a">Library</subfield>
      </datafield>
      <datafield tag="371" ind1=" " ind2=" ">
         <subfield code="a">Rua de Santa Margarida 181</subfield>
         <subfield code="b">Braga</subfield>
         <subfield code="d">Portugal</subfield>
         <subfield code="e">4710-306</subfield>
         <subfield code="m">biblioteca.ft.braga@ucp.pt</subfield>
         <subfield code="u">https://www.ucp.pt/pt-pt/ensinoservicos-de-apoiobibliotecas-da-universidade-catolica-portuguesabibliotecas/biblioteca-d</subfield>
         <subfield code="z">tel: +351 / 253 206 112</subfield>
      </datafield>
      <datafield tag="510" ind1="2" ind2=" ">
         <subfield code="a">Faculdade de Teologia da Universidade Católica Portuguesa, Braga campus</subfield>
         <subfield code="w">t</subfield>
      </datafield>
      <datafield tag="551" ind1="1" ind2=" ">
         <subfield code="a">Braga</subfield>
         <subfield code="0">places/3903733</subfield>
      </datafield>
   </record>