
   <record>
      <leader>00000nz  a2200000nc 4500</leader>
      <controlfield tag="001">institutions/51008924</controlfield>
      <controlfield tag="003">DE-633</controlfield>
      <controlfield tag="005">20250723122252.0</controlfield>
      <controlfield tag="008">250723||||z|||a|||||||||||||||||n||||||d</controlfield>
      <datafield tag="024" ind1="7" ind2=" ">
         <subfield code="a">P-CBJaslm</subfield>
         <subfield code="q">siglum</subfield>
         <subfield code="2">rism</subfield>
      </datafield>
      <datafield tag="034" ind1="1" ind2=" ">
         <subfield code="d">-8.189910303089112</subfield>
         <subfield code="f">39.8148917125506</subfield>
      </datafield>
      <datafield tag="040" ind1=" " ind2=" ">
         <subfield code="a">DE-633</subfield>
         <subfield code="c">DE-633</subfield>
         <subfield code="e">rismg</subfield>
      </datafield>
      <datafield tag="043" ind1=" " ind2=" ">
         <subfield code="c">XA-PT</subfield>
      </datafield>
      <datafield tag="110" ind1="1" ind2=" ">
         <subfield code="a">Arquivo do Seminário Liceal das Missões</subfield>
         <subfield code="c">Cernache do Bonjardim</subfield>
         <subfield code="g">P-CBJaslm</subfield>
      </datafield>
      <datafield tag="368" ind1=" " ind2=" ">
         <subfield code="a">Institution</subfield>
         <subfield code="a">Archive</subfield>
         <subfield code="a">Library</subfield>
      </datafield>
      <datafield tag="371" ind1=" " ind2=" ">
         <subfield code="a">R. dos Pinheiros 39</subfield>
         <subfield code="b">Cernache do Bonjardim</subfield>
         <subfield code="c">Distrito de Castelo Branco</subfield>
         <subfield code="d">Portugal</subfield>
         <subfield code="e">6100-266</subfield>
         <subfield code="u">https://missionarios.boanova.pt/cernache-do-bonjardim/</subfield>
         <subfield code="z">tel: +351 / 274802993</subfield>
      </datafield>
      <datafield tag="551" ind1="1" ind2=" ">
         <subfield code="a">Cernache do Bonjardim</subfield>
         <subfield code="0">places/50021682</subfield>
      </datafield>
   </record>