
   <record>
      <leader>00000nz  a2200000nc 4500</leader>
      <controlfield tag="001">institutions/51008926</controlfield>
      <controlfield tag="003">DE-633</controlfield>
      <controlfield tag="005">20250723130036.0</controlfield>
      <controlfield tag="008">250723||||z|||a|||||||||||||||||n||||||d</controlfield>
      <datafield tag="024" ind1="7" ind2=" ">
         <subfield code="a">Q56650348</subfield>
         <subfield code="2">WKP</subfield>
      </datafield>
      <datafield tag="024" ind1="7" ind2=" ">
         <subfield code="a">P-Cbv</subfield>
         <subfield code="q">siglum</subfield>
         <subfield code="2">rism</subfield>
      </datafield>
      <datafield tag="034" ind1="1" ind2=" ">
         <subfield code="d">-8.42076787423846</subfield>
         <subfield code="f">40.203139371479516</subfield>
      </datafield>
      <datafield tag="040" ind1=" " ind2=" ">
         <subfield code="a">DE-633</subfield>
         <subfield code="c">DE-633</subfield>
         <subfield code="e">rismg</subfield>
      </datafield>
      <datafield tag="043" ind1=" " ind2=" ">
         <subfield code="c">XA-PT</subfield>
      </datafield>
      <datafield tag="110" ind1="1" ind2=" ">
         <subfield code="a">Biblioteca Velha do Seminário Maior</subfield>
         <subfield code="c">Coimbra</subfield>
         <subfield code="g">P-Cbv</subfield>
      </datafield>
      <datafield tag="368" ind1=" " ind2=" ">
         <subfield code="a">Institution</subfield>
         <subfield code="a">Library</subfield>
      </datafield>
      <datafield tag="371" ind1=" " ind2=" ">
         <subfield code="a">Rua Vandelli, nº 2</subfield>
         <subfield code="b">Coimbra</subfield>
         <subfield code="c">Distrito de Coimbra</subfield>
         <subfield code="d">Portugal</subfield>
         <subfield code="e">3004-547</subfield>
         <subfield code="m">seminariomaiordecoimbra@gmail.com</subfield>
         <subfield code="u">https://www.seminariomaiordecoimbra.com/pt/visitar-biblioteca-velha/</subfield>
         <subfield code="z">tel: +351 / 239 792 340</subfield>
      </datafield>
      <datafield tag="551" ind1="1" ind2=" ">
         <subfield code="a">Coimbra</subfield>
         <subfield code="0">places/3900246</subfield>
      </datafield>
   </record>