
   <record>
      <leader>00000nz  a2200000nc 4500</leader>
      <controlfield tag="001">institutions/30077372</controlfield>
      <controlfield tag="003">DE-633</controlfield>
      <controlfield tag="005">20250620052115.0</controlfield>
      <controlfield tag="008">161109||||z|||a|||||||||||||||||n||||||d</controlfield>
      <datafield tag="024" ind1="7" ind2=" ">
         <subfield code="a">P-ESam</subfield>
         <subfield code="q">siglum</subfield>
         <subfield code="2">rism</subfield>
      </datafield>
      <datafield tag="040" ind1=" " ind2=" ">
         <subfield code="a">DE-633</subfield>
         <subfield code="c">DE-633</subfield>
         <subfield code="e">rismg</subfield>
      </datafield>
      <datafield tag="043" ind1=" " ind2=" ">
         <subfield code="c">XA-PT</subfield>
      </datafield>
      <datafield tag="110" ind1="2" ind2=" ">
         <subfield code="a">Arquivo Municipal</subfield>
         <subfield code="c">Estremoz</subfield>
         <subfield code="g">P-ESam</subfield>
      </datafield>
      <datafield tag="368" ind1=" " ind2=" ">
         <subfield code="a">Institution</subfield>
      </datafield>
      <datafield tag="368" ind1=" " ind2=" ">
         <subfield code="a">Library</subfield>
      </datafield>
      <datafield tag="371" ind1=" " ind2=" ">
         <subfield code="a">Arquivo Municipal, Centro Cultural Dr. Marques Crespo, Rua Bento Jesus Caraça, 7100-104  Estremoz, Portugal</subfield>
         <subfield code="u">http://www.cm-estremoz.pt/index.php?it=196&amp;lang=1</subfield>
      </datafield>
      <datafield tag="551" ind1=" " ind2=" ">
         <subfield code="a">Estremoz</subfield>
         <subfield code="0">places/3905361</subfield>
      </datafield>
   </record>