
   <record>
      <leader>00000nz  a2200000nc 4500</leader>
      <controlfield tag="001">institutions/51000240</controlfield>
      <controlfield tag="003">DE-633</controlfield>
      <controlfield tag="005">20250620052235.0</controlfield>
      <controlfield tag="008">170403||||z|||a|||||||||||||||||n||||||d</controlfield>
      <datafield tag="024" ind1="7" ind2=" ">
         <subfield code="a">172699201</subfield>
         <subfield code="2">VIAF</subfield>
      </datafield>
      <datafield tag="024" ind1="7" ind2=" ">
         <subfield code="a">P-EVpc</subfield>
         <subfield code="q">siglum</subfield>
         <subfield code="2">rism</subfield>
      </datafield>
      <datafield tag="034" ind1="1" ind2=" ">
         <subfield code="d">-7.907411</subfield>
         <subfield code="f">38.573148</subfield>
      </datafield>
      <datafield tag="040" ind1=" " ind2=" ">
         <subfield code="a">DE-633</subfield>
         <subfield code="c">DE-633</subfield>
         <subfield code="e">rismg</subfield>
      </datafield>
      <datafield tag="043" ind1=" " ind2=" ">
         <subfield code="c">XA-PT</subfield>
      </datafield>
      <datafield tag="110" ind1="1" ind2=" ">
         <subfield code="a">Palácio Cadaval</subfield>
         <subfield code="c">Évora</subfield>
         <subfield code="g">P-EVpc</subfield>
      </datafield>
      <datafield tag="368" ind1=" " ind2=" ">
         <subfield code="a">Institution</subfield>
         <subfield code="a">Library</subfield>
      </datafield>
      <datafield tag="371" ind1=" " ind2=" ">
         <subfield code="a">Rua Augusto Filipe Simões</subfield>
         <subfield code="b">Évora</subfield>
         <subfield code="d">Portugal</subfield>
         <subfield code="e">7000-845</subfield>
         <subfield code="m">info@palaciocadaval.com</subfield>
         <subfield code="u">http://www.palaciocadaval.com/index.html</subfield>
         <subfield code="z">tel: +351 / 266 70 47 14</subfield>
         <subfield code="z">fax: +351 / 967 979 763</subfield>
      </datafield>
      <datafield tag="510" ind1="1" ind2=" ">
         <subfield code="a">Palácio del Condes de Cadaval‏</subfield>
      </datafield>
      <datafield tag="551" ind1="1" ind2=" ">
         <subfield code="a">Évora</subfield>
         <subfield code="0">places/3900225</subfield>
      </datafield>
   </record>