
   <record>
      <leader>00000nz  a2200000nc 4500</leader>
      <controlfield tag="001">institutions/51001637</controlfield>
      <controlfield tag="003">DE-633</controlfield>
      <controlfield tag="005">20250620052240.0</controlfield>
      <controlfield tag="008">180604||||z|||a|||||||||||||||||n||||||d</controlfield>
      <datafield tag="024" ind1="7" ind2=" ">
         <subfield code="a">286720019</subfield>
         <subfield code="2">VIAF</subfield>
      </datafield>
      <datafield tag="024" ind1="7" ind2=" ">
         <subfield code="a">P-LOam</subfield>
         <subfield code="q">siglum</subfield>
         <subfield code="2">rism</subfield>
      </datafield>
      <datafield tag="034" ind1="1" ind2=" ">
         <subfield code="d">-8.023589</subfield>
         <subfield code="f">37.140644</subfield>
      </datafield>
      <datafield tag="040" ind1=" " ind2=" ">
         <subfield code="a">DE-633</subfield>
         <subfield code="c">DE-633</subfield>
         <subfield code="e">rismg</subfield>
      </datafield>
      <datafield tag="043" ind1=" " ind2=" ">
         <subfield code="c">XA-PT</subfield>
      </datafield>
      <datafield tag="110" ind1="1" ind2=" ">
         <subfield code="a">Arquivo Municipal</subfield>
         <subfield code="c">Loulé</subfield>
         <subfield code="g">P-LOam</subfield>
      </datafield>
      <datafield tag="368" ind1=" " ind2=" ">
         <subfield code="a">Institution</subfield>
         <subfield code="a">Library</subfield>
         <subfield code="a">Archive</subfield>
      </datafield>
      <datafield tag="371" ind1=" " ind2=" ">
         <subfield code="a">R. Cândido Guerreiro, s/n.</subfield>
         <subfield code="b">Loulé</subfield>
         <subfield code="c">Algarve</subfield>
         <subfield code="d">Portugal</subfield>
         <subfield code="e">8100-681</subfield>
         <subfield code="m">arquivo.municipal@cm-loule.pt</subfield>
         <subfield code="u">http://www.cm-loule.pt/pt/menu/220/arquivo.aspx</subfield>
         <subfield code="z">tel: +351 / 289 400804</subfield>
      </datafield>
      <datafield tag="551" ind1="1" ind2=" ">
         <subfield code="a">Loulé</subfield>
         <subfield code="0">places/4000075</subfield>
      </datafield>
   </record>