
   <record>
      <leader>00000nz  a2200000nc 4500</leader>
      <controlfield tag="001">institutions/51000244</controlfield>
      <controlfield tag="003">DE-633</controlfield>
      <controlfield tag="005">20250620052235.0</controlfield>
      <controlfield tag="008">170404||||z|||a|||||||||||||||||n||||||d</controlfield>
      <datafield tag="024" ind1="7" ind2=" ">
         <subfield code="a">P-Lmbn</subfield>
         <subfield code="q">siglum</subfield>
         <subfield code="2">rism</subfield>
      </datafield>
      <datafield tag="034" ind1="1" ind2=" ">
         <subfield code="d">-9.137929</subfield>
         <subfield code="f">38.722487</subfield>
      </datafield>
      <datafield tag="040" ind1=" " ind2=" ">
         <subfield code="a">DE-633</subfield>
         <subfield code="c">DE-633</subfield>
         <subfield code="e">rismg</subfield>
      </datafield>
      <datafield tag="043" ind1=" " ind2=" ">
         <subfield code="c">XA-PT</subfield>
      </datafield>
      <datafield tag="110" ind1="1" ind2=" ">
         <subfield code="a">Missionários da Boa Nova  - Casa de Lisboa</subfield>
         <subfield code="c">Lisboa</subfield>
         <subfield code="g">P-Lmbn</subfield>
      </datafield>
      <datafield tag="368" ind1=" " ind2=" ">
         <subfield code="a">Institution</subfield>
         <subfield code="a">Library</subfield>
      </datafield>
      <datafield tag="371" ind1=" " ind2=" ">
         <subfield code="a">Rua da Bempostinha, 30</subfield>
         <subfield code="b">Lisboa</subfield>
         <subfield code="d">Portugal</subfield>
         <subfield code="e">1150-066</subfield>
         <subfield code="m">missio.boanova@missioboanova.com</subfield>
         <subfield code="u">http://www.missionarios.boanova.pt/</subfield>
         <subfield code="z">tel: +351 / 218851546</subfield>
         <subfield code="z">fax: +351 / 218850258</subfield>
      </datafield>
      <datafield tag="551" ind1="1" ind2=" ">
         <subfield code="a">Lisboa</subfield>
         <subfield code="0">places/3902786</subfield>
      </datafield>
   </record>