
   <record>
      <leader>00000nz  a2200000nc 4500</leader>
      <controlfield tag="001">institutions/51000605</controlfield>
      <controlfield tag="003">DE-633</controlfield>
      <controlfield tag="005">20250620052238.0</controlfield>
      <controlfield tag="008">180129||||z|||a|||||||||||||||||n||||||d</controlfield>
      <datafield tag="024" ind1="7" ind2=" ">
         <subfield code="a">133564208</subfield>
         <subfield code="2">VIAF</subfield>
      </datafield>
      <datafield tag="024" ind1="7" ind2=" ">
         <subfield code="a">P-Lmnaa</subfield>
         <subfield code="q">siglum</subfield>
         <subfield code="2">rism</subfield>
      </datafield>
      <datafield tag="034" ind1="1" ind2=" ">
         <subfield code="d">-9.161464</subfield>
         <subfield code="f">38.704866</subfield>
      </datafield>
      <datafield tag="040" ind1=" " ind2=" ">
         <subfield code="a">DE-633</subfield>
         <subfield code="c">DE-633</subfield>
         <subfield code="e">rismg</subfield>
      </datafield>
      <datafield tag="043" ind1=" " ind2=" ">
         <subfield code="c">XA-PT</subfield>
      </datafield>
      <datafield tag="110" ind1="1" ind2=" ">
         <subfield code="a">Museu Nacional de Arte Antiga</subfield>
         <subfield code="c">Lisboa</subfield>
         <subfield code="g">P-Lmnaa</subfield>
      </datafield>
      <datafield tag="368" ind1=" " ind2=" ">
         <subfield code="a">Institution</subfield>
         <subfield code="a">Library</subfield>
      </datafield>
      <datafield tag="371" ind1=" " ind2=" ">
         <subfield code="a">Rua das Janelas Verdes</subfield>
         <subfield code="b">Lisboa</subfield>
         <subfield code="d">Portugal</subfield>
         <subfield code="e">1249-017</subfield>
         <subfield code="m">geral@mnaa.dgpc.pt</subfield>
         <subfield code="u">http://www.museudearteantiga.pt/</subfield>
         <subfield code="z">tel: +351 / 213 912 800</subfield>
      </datafield>
      <datafield tag="551" ind1="1" ind2=" ">
         <subfield code="a">Lisboa</subfield>
         <subfield code="0">places/3902786</subfield>
      </datafield>
   </record>