
   <record>
      <leader>00000nz  a2200000nc 4500</leader>
      <controlfield tag="001">institutions/51008925</controlfield>
      <controlfield tag="003">DE-633</controlfield>
      <controlfield tag="005">20250919120233.0</controlfield>
      <controlfield tag="008">250723||||z|||a|||||||||||||||||n||||||d</controlfield>
      <datafield tag="024" ind1="7" ind2=" ">
         <subfield code="a">P-Lsi</subfield>
         <subfield code="q">siglum</subfield>
         <subfield code="2">rism</subfield>
      </datafield>
      <datafield tag="034" ind1="1" ind2=" ">
         <subfield code="d">-9.149947540174198</subfield>
         <subfield code="f">38.70771301649082</subfield>
      </datafield>
      <datafield tag="040" ind1=" " ind2=" ">
         <subfield code="a">DE-633</subfield>
         <subfield code="c">DE-633</subfield>
         <subfield code="e">rismg</subfield>
      </datafield>
      <datafield tag="043" ind1=" " ind2=" ">
         <subfield code="c">XA-PT</subfield>
      </datafield>
      <datafield tag="110" ind1="1" ind2=" ">
         <subfield code="a">Sindicato dos Trabalhadores de Espectáculos, do Audiovisual e dos Músicos - CENA-STE</subfield>
         <subfield code="c">Lisboa</subfield>
         <subfield code="g">P-Lsi</subfield>
      </datafield>
      <datafield tag="368" ind1=" " ind2=" ">
         <subfield code="a">Institution</subfield>
         <subfield code="a">Library</subfield>
      </datafield>
      <datafield tag="371" ind1=" " ind2=" ">
         <subfield code="a">Rua Dom Luís I, 20F, 4º</subfield>
         <subfield code="b">Lisboa</subfield>
         <subfield code="d">Portugal</subfield>
         <subfield code="e">1249-126</subfield>
         <subfield code="m">mail@cena-ste.org</subfield>
         <subfield code="u">http://www.cena-ste.org/default.html</subfield>
         <subfield code="z">tel: +351 / 218 852 728</subfield>
      </datafield>
      <datafield tag="410" ind1=" " ind2=" ">
         <subfield code="a">Sindicato dos Músicos</subfield>
      </datafield>
      <datafield tag="551" ind1="1" ind2=" ">
         <subfield code="a">Lisboa</subfield>
         <subfield code="0">places/3902786</subfield>
      </datafield>
   </record>