
   <record>
      <leader>00000nz  a2200000nc 4500</leader>
      <controlfield tag="001">institutions/51008923</controlfield>
      <controlfield tag="003">DE-633</controlfield>
      <controlfield tag="005">20250723112946.0</controlfield>
      <controlfield tag="008">250723||||z|||a|||||||||||||||||n||||||d</controlfield>
      <datafield tag="024" ind1="7" ind2=" ">
         <subfield code="a">130462349</subfield>
         <subfield code="2">VIAF</subfield>
      </datafield>
      <datafield tag="024" ind1="7" ind2=" ">
         <subfield code="a">Q10333685</subfield>
         <subfield code="2">WKP</subfield>
      </datafield>
      <datafield tag="024" ind1="7" ind2=" ">
         <subfield code="a">P-SCGm</subfield>
         <subfield code="q">siglum</subfield>
         <subfield code="2">rism</subfield>
      </datafield>
      <datafield tag="034" ind1="1" ind2=" ">
         <subfield code="d">-28.00596977336182</subfield>
         <subfield code="f">39.0861961553997</subfield>
      </datafield>
      <datafield tag="040" ind1=" " ind2=" ">
         <subfield code="a">DE-633</subfield>
         <subfield code="c">DE-633</subfield>
         <subfield code="e">rismg</subfield>
      </datafield>
      <datafield tag="043" ind1=" " ind2=" ">
         <subfield code="c">XA-PT</subfield>
      </datafield>
      <datafield tag="110" ind1="1" ind2=" ">
         <subfield code="a">Museu da Graciosa</subfield>
         <subfield code="c">Santa Cruz da Graciosa</subfield>
         <subfield code="g">P-SCGm</subfield>
      </datafield>
      <datafield tag="368" ind1=" " ind2=" ">
         <subfield code="a">Institution</subfield>
         <subfield code="a">Library</subfield>
         <subfield code="a">Museum</subfield>
      </datafield>
      <datafield tag="371" ind1=" " ind2=" ">
         <subfield code="a">Largo Conde de Simas, 17</subfield>
         <subfield code="b">Santa Cruz de Graciosa</subfield>
         <subfield code="c">Açores</subfield>
         <subfield code="d">Portugal</subfield>
         <subfield code="e">9880-345</subfield>
         <subfield code="m">museu.graciosa.info@azores.gov.pt</subfield>
         <subfield code="u">https://www.museu-graciosa.azores.gov.pt/</subfield>
         <subfield code="z">tel: +351 / 295 243 030</subfield>
      </datafield>
      <datafield tag="551" ind1="1" ind2=" ">
         <subfield code="a">Santa Cruz da Graciosa</subfield>
         <subfield code="0">places/50021681</subfield>
      </datafield>
   </record>