
   <record>
      <leader>00000nz  a2200000nc 4500</leader>
      <controlfield tag="001">institutions/51008929</controlfield>
      <controlfield tag="003">DE-633</controlfield>
      <controlfield tag="005">20250723135723.0</controlfield>
      <controlfield tag="008">250723||||z|||a|||||||||||||||||n||||||d</controlfield>
      <datafield tag="024" ind1="7" ind2=" ">
         <subfield code="a">133086645</subfield>
         <subfield code="2">VIAF</subfield>
      </datafield>
      <datafield tag="024" ind1="7" ind2=" ">
         <subfield code="a">P-SEbpm</subfield>
         <subfield code="q">siglum</subfield>
         <subfield code="2">rism</subfield>
      </datafield>
      <datafield tag="034" ind1="1" ind2=" ">
         <subfield code="d">-8.889672903137821</subfield>
         <subfield code="f">38.52337297181123</subfield>
      </datafield>
      <datafield tag="040" ind1=" " ind2=" ">
         <subfield code="a">DE-633</subfield>
         <subfield code="c">DE-633</subfield>
         <subfield code="e">rismg</subfield>
      </datafield>
      <datafield tag="043" ind1=" " ind2=" ">
         <subfield code="c">XA-PT</subfield>
      </datafield>
      <datafield tag="110" ind1="1" ind2=" ">
         <subfield code="a">Biblioteca Pública Municipal de Setúbal</subfield>
         <subfield code="c">Setúbal</subfield>
         <subfield code="g">P-SEbpm</subfield>
      </datafield>
      <datafield tag="368" ind1=" " ind2=" ">
         <subfield code="a">Institution</subfield>
         <subfield code="a">Library</subfield>
      </datafield>
      <datafield tag="371" ind1=" " ind2=" ">
         <subfield code="a">Av. Luísa Todi 188</subfield>
         <subfield code="b">Setúbal</subfield>
         <subfield code="c">Distrito de Setúbal</subfield>
         <subfield code="d">Portugal</subfield>
         <subfield code="e">2900-249</subfield>
         <subfield code="m">biblioteca@mun-setubal.pt</subfield>
         <subfield code="u">https://www.mun-setubal.pt/biblio-publica-municipal/#1530806197415-9becd77a-51b7</subfield>
         <subfield code="z">tel: +351 / 265537240</subfield>
      </datafield>
      <datafield tag="551" ind1="1" ind2=" ">
         <subfield code="a">Setúbal</subfield>
         <subfield code="0">places/3904708</subfield>
      </datafield>
   </record>