
   <record>
      <leader>00000nz  a2200000nc 4500</leader>
      <controlfield tag="001">institutions/51009052</controlfield>
      <controlfield tag="003">DE-633</controlfield>
      <controlfield tag="005">20250919092111.0</controlfield>
      <controlfield tag="008">250919||||z|||a|||||||||||||||||n||||||d</controlfield>
      <datafield tag="024" ind1="7" ind2=" ">
         <subfield code="a">P-SMA</subfield>
         <subfield code="q">siglum</subfield>
         <subfield code="2">rism</subfield>
      </datafield>
      <datafield tag="040" ind1=" " ind2=" ">
         <subfield code="a">DE-633</subfield>
         <subfield code="c">DE-633</subfield>
         <subfield code="e">rismg</subfield>
      </datafield>
      <datafield tag="043" ind1=" " ind2=" ">
         <subfield code="c">XA-PT</subfield>
      </datafield>
      <datafield tag="110" ind1="1" ind2=" ">
         <subfield code="a">Fundação Jorge Álvares - Fundo musical de Filipe de Sousa</subfield>
         <subfield code="c">São Miguel de Alcainça</subfield>
         <subfield code="g">P-SMA</subfield>
      </datafield>
      <datafield tag="368" ind1=" " ind2=" ">
         <subfield code="a">Institution</subfield>
         <subfield code="a">Library</subfield>
      </datafield>
      <datafield tag="371" ind1=" " ind2=" ">
         <subfield code="a">Casal de S. Bernardo</subfield>
         <subfield code="b">São Miguel de Alcainça</subfield>
         <subfield code="c">Concelho Mafra</subfield>
         <subfield code="d">Portugal</subfield>
         <subfield code="m">fundacao@jorgealvares.com</subfield>
      </datafield>
      <datafield tag="551" ind1="1" ind2=" ">
         <subfield code="a">São Miguel de Alcainça</subfield>
         <subfield code="0">places/50021796</subfield>
      </datafield>
   </record>